% Encoding: Shift_JIS

@Misc{樋口龍雄2000,
  author    = {樋口龍雄 and 川又政征},
  title     = {MATLAB 対応ディジタル信号処理},
  year      = {2000},
  publisher = {昭晃堂},
}

@Comment{jabref-meta: databaseType:bibtex;}
